%% This BibTeX bibliography file was created using BibDesk.
%% http://bibdesk.sourceforge.net/


%% Created for Dennis Evangelista at 2010-06-11 10:14:09 -0700 


%% Saved with string encoding Unicode (UTF-8) 



@article{Altshuler:2002,
	Author = {Altshuler, Douglas L. and Robert Dudley},
	Date-Added = {2010-06-10 14:24:52 -0700},
	Date-Modified = {2010-06-10 14:24:52 -0700},
	Journal = {J. exp. Biol.},
	Pages = {2325-2336},
	Title = {The ecological and evolutionary interface of hummingbird flight physiology},
	Volume = {205},
	Year = {2002},
	Bdsk-File-1 = {YnBsaXN0MDDUAQIDBAUIJidUJHRvcFgkb2JqZWN0c1gkdmVyc2lvblkkYXJjaGl2ZXLRBgdUcm9vdIABqAkKFRYXGyIjVSRudWxs0wsMDQ4RFFpOUy5vYmplY3RzV05TLmtleXNWJGNsYXNzog8QgASABqISE4ACgAOAB1lhbGlhc0RhdGFccmVsYXRpdmVQYXRo0hgNGRpXTlMuZGF0YU8RAhYAAAAAAhYAAgAADE1hY2ludG9zaCBIRAAAAAAAAAAAAAAAAAAAAMNhm/VIKwAAAfWsgx9KLiBFeHAuIEJpb2wuIDIwMDIgIzFGNUFDNEYucGRmAAAAAAAAAAAAAAAAAAAAAAAAAAAAAAAAAAAAAAAAAAAB9axPw+mOpgAAAAAAAAAAAAIABQAACSAAAAAAAAAAAAAAAAAAAAAJQWx0c2h1bGVyAAAQAAgAAMNiDHUAAAARAAgAAMPp/yYAAAABABgB9ayDAAwHbwAMA04AC9/aAAvfhQAAeWsAAgBkTWFjaW50b3NoIEhEOlVzZXJzOmRlbm5pc2V2YW5nZWxpc3RhOkRvY3VtZW50czpQYXBlcnM6MjAwMjpBbHRzaHVsZXI6Si4gRXhwLiBCaW9sLiAyMDAyICMxRjVBQzRGLnBkZgAOAEYAIgBKAC4AIABFAHgAcAAuACAAQgBpAG8AbAAuACAAMgAwADAAMgAgAEEAbAB0AHMAaAB1AGwAZQByAC0AMgAuAHAAZABmAA8AGgAMAE0AYQBjAGkAbgB0AG8AcwBoACAASABEABIAWlVzZXJzL2Rlbm5pc2V2YW5nZWxpc3RhL0RvY3VtZW50cy9QYXBlcnMvMjAwMi9BbHRzaHVsZXIvSi4gRXhwLiBCaW9sLiAyMDAyIEFsdHNodWxlci0yLnBkZgATAAEvAAAVAAIAGP//AACABdIcHR4fWCRjbGFzc2VzWiRjbGFzc25hbWWjHyAhXU5TTXV0YWJsZURhdGFWTlNEYXRhWE5TT2JqZWN0XxBILi4vLi4vRG9jdW1lbnRzL1BhcGVycy8yMDAyL0FsdHNodWxlci9KLiBFeHAuIEJpb2wuIDIwMDIgQWx0c2h1bGVyLTIucGRm0hwdJCWiJSFcTlNEaWN0aW9uYXJ5EgABhqBfEA9OU0tleWVkQXJjaGl2ZXIACAARABYAHwAoADIANQA6ADwARQBLAFIAXQBlAGwAbwBxAHMAdgB4AHoAfACGAJMAmACgAroCvALBAsoC1QLZAucC7gL3A0IDRwNKA1cDXAAAAAAAAAIBAAAAAAAAACgAAAAAAAAAAAAAAAAAAANu}}

@article{Bundle:2003,
	Abstract = {A recently discovered locomotor behavior, wing-assisted incline running (WAIR), allows fully volant animals to `run' up vertical obstacles. Such a task would appear to be especially formidable for bipeds, yet WAIR is used },
	Author = {Matthew W Bundle and Kenneth P Dial},
	Date-Added = {2010-06-10 14:24:52 -0700},
	Date-Modified = {2010-06-10 14:24:52 -0700},
	Journal = {J. Exp. Biol.},
	Local-Url = {file://localhost/Users/dennisevangelista/Documents/Papers/2003/Bundle/J.%20Exp.%20Biol.%202003%20Bundle-1.pdf},
	Pages = {4553-4564},
	Pmid = {5746354219941777606related:xlAysbcmv08J},
	Rating = {5},
	Title = {Mechanics of wing-assisted incline running ({WAIR})},
	Uri = {papers://7745578F-AF22-43C6-9381-71DCABA46510/Paper/p2352},
	Url = {http://jeb.biologists.org/cgi/content/abstract/206/24/4553},
	Volume = {206},
	Year = {2003},
	Bdsk-File-1 = {YnBsaXN0MDDUAQIDBAUIJidUJHRvcFgkb2JqZWN0c1gkdmVyc2lvblkkYXJjaGl2ZXLRBgdUcm9vdIABqAkKFRYXGyIjVSRudWxs0wsMDQ4RFFpOUy5vYmplY3RzV05TLmtleXNWJGNsYXNzog8QgASABqISE4ACgAOAB1lhbGlhc0RhdGFccmVsYXRpdmVQYXRo0hgNGRpXTlMuZGF0YU8RAgQAAAAAAgQAAgAADE1hY2ludG9zaCBIRAAAAAAAAAAAAAAAAAAAAMNhm/VIKwAAAAwIch9KLiBFeHAuIEJpb2wuIDIwMDMgQnVuZGxlLTEucGRmAAAAAAAAAAAAAAAAAAAAAAAAAAAAAAAAAAAAAAAAAAARlP33xuvGkQAAAAAAAAAAAAIABQAACSAAAAAAAAAAAAAAAAAAAAAGQnVuZGxlABAACAAAw2IMdQAAABEACAAAxuwpAQAAAAEAGAAMCHIADAhdAAwDTgAL39oAC9+FAAB5awACAGFNYWNpbnRvc2ggSEQ6VXNlcnM6ZGVubmlzZXZhbmdlbGlzdGE6RG9jdW1lbnRzOlBhcGVyczoyMDAzOkJ1bmRsZTpKLiBFeHAuIEJpb2wuIDIwMDMgQnVuZGxlLTEucGRmAAAOAEAAHwBKAC4AIABFAHgAcAAuACAAQgBpAG8AbAAuACAAMgAwADAAMwAgAEIAdQBuAGQAbABlAC0AMQAuAHAAZABmAA8AGgAMAE0AYQBjAGkAbgB0AG8AcwBoACAASABEABIAVFVzZXJzL2Rlbm5pc2V2YW5nZWxpc3RhL0RvY3VtZW50cy9QYXBlcnMvMjAwMy9CdW5kbGUvSi4gRXhwLiBCaW9sLiAyMDAzIEJ1bmRsZS0xLnBkZgATAAEvAAAVAAIAGP//AACABdIcHR4fWCRjbGFzc2VzWiRjbGFzc25hbWWjHyAhXU5TTXV0YWJsZURhdGFWTlNEYXRhWE5TT2JqZWN0XxBCLi4vLi4vRG9jdW1lbnRzL1BhcGVycy8yMDAzL0J1bmRsZS9KLiBFeHAuIEJpb2wuIDIwMDMgQnVuZGxlLTEucGRm0hwdJCWiJSFcTlNEaWN0aW9uYXJ5EgABhqBfEA9OU0tleWVkQXJjaGl2ZXIACAARABYAHwAoADIANQA6ADwARQBLAFIAXQBlAGwAbwBxAHMAdgB4AHoAfACGAJMAmACgAqgCqgKvArgCwwLHAtUC3ALlAyoDLwMyAz8DRAAAAAAAAAIBAAAAAAAAACgAAAAAAAAAAAAAAAAAAANW},
	Bdsk-Url-1 = {http://jeb.biologists.org/cgi/content/abstract/206/24/4553}}

@article{Chai:1999,
	Abstract = { 0003-0147/99/5304-0005{\$}03.00.     : , ,  - . Peng Chai 1 and. Robert Dudley 1,2, *. },
	Author = {P Chai and Robert A Dudley},
	Date-Added = {2010-06-10 14:24:52 -0700},
	Date-Modified = {2010-06-10 14:24:52 -0700},
	Journal = {Am. Nat.},
	Local-Url = {file://localhost/Users/dennisevangelista/Documents/Papers/1999/Chai/Am.%20Nat.%201999%20Chai.pdf},
	Number = {4},
	Pages = {398-411},
	Pmid = {6545986454262239283},
	Rating = {0},
	Title = {Maximum Flight Performance of Hummingbirds: Capacities, Constraints, and Trade-Offs},
	Uri = {papers://7745578F-AF22-43C6-9381-71DCABA46510/Paper/p5405},
	Url = {http://www.journals.uchicago.edu/doi/abs/10.1086/303179},
	Volume = {153},
	Year = {1999},
	Bdsk-File-1 = {YnBsaXN0MDDUAQIDBAUIJidUJHRvcFgkb2JqZWN0c1gkdmVyc2lvblkkYXJjaGl2ZXLRBgdUcm9vdIABqAkKFRYXGyIjVSRudWxs0wsMDQ4RFFpOUy5vYmplY3RzV05TLmtleXNWJGNsYXNzog8QgASABqISE4ACgAOAB1lhbGlhc0RhdGFccmVsYXRpdmVQYXRo0hgNGRpXTlMuZGF0YU8RAdIAAAAAAdIAAgAADE1hY2ludG9zaCBIRAAAAAAAAAAAAAAAAAAAAMNhm/VIKwAAA+C8WhRBbSBOYXQgMTk5OSBDaGFpLnBkZgAAAAAAAAAAAAAAAAAAAAAAAAAAAAAAAAAAAAAAAAAAAAAAAAAAAAAAAAAD145hxUh+6QAAAAAAAAAAAAIABQAACSAAAAAAAAAAAAAAAAAAAAAEQ2hhaQAQAAgAAMNiDHUAAAARAAgAAMVI72kAAAABABgD4LxaAAwF8wAMA04AC9/aAAvfhQAAeWsAAgBUTWFjaW50b3NoIEhEOlVzZXJzOmRlbm5pc2V2YW5nZWxpc3RhOkRvY3VtZW50czpQYXBlcnM6MTk5OTpDaGFpOkFtIE5hdCAxOTk5IENoYWkucGRmAA4AKgAUAEEAbQAgAE4AYQB0ACAAMQA5ADkAOQAgAEMAaABhAGkALgBwAGQAZgAPABoADABNAGEAYwBpAG4AdABvAHMAaAAgAEgARAASAEdVc2Vycy9kZW5uaXNldmFuZ2VsaXN0YS9Eb2N1bWVudHMvUGFwZXJzLzE5OTkvQ2hhaS9BbSBOYXQgMTk5OSBDaGFpLnBkZgAAEwABLwAAFQACABj//wAAgAXSHB0eH1gkY2xhc3Nlc1okY2xhc3NuYW1lox8gIV1OU011dGFibGVEYXRhVk5TRGF0YVhOU09iamVjdF8QNS4uLy4uL0RvY3VtZW50cy9QYXBlcnMvMTk5OS9DaGFpL0FtIE5hdCAxOTk5IENoYWkucGRm0hwdJCWiJSFcTlNEaWN0aW9uYXJ5EgABhqBfEA9OU0tleWVkQXJjaGl2ZXIACAARABYAHwAoADIANQA6ADwARQBLAFIAXQBlAGwAbwBxAHMAdgB4AHoAfACGAJMAmACgAnYCeAJ9AoYCkQKVAqMCqgKzAusC8ALzAwADBQAAAAAAAAIBAAAAAAAAACgAAAAAAAAAAAAAAAAAAAMX},
	Bdsk-Url-1 = {http://www.journals.uchicago.edu/doi/abs/10.1086/303179}}

@article{Chai:1998,
	Abstract = {The small size of hummingbirds results in a high thermal conductance and metabolic rate relative to other birds (Lasiewski, 1963). There thus exists strong selective pressure for hummingbirds to achieve thermal stability and },
	Author = {Peng Chai and A Chang and Robert A Dudley},
	Date-Added = {2010-06-10 14:24:52 -0700},
	Date-Modified = {2010-06-10 14:24:52 -0700},
	Journal = {J. Exp. Biol.},
	Local-Url = {file://localhost/Users/dennisevangelista/Documents/Papers/1998/Chai/J.%20Exp.%20Biol.%201998%20Chai-1.pdf},
	Month = {Jan},
	Pmid = {17002657830161065478related:BqZDbDaT9esJ},
	Rating = {4},
	Title = {Flight thermogenesis and energy conservation in hovering hummingbirds},
	Uri = {papers://7745578F-AF22-43C6-9381-71DCABA46510/Paper/p2992},
	Url = {http://jeb.biologists.org/cgi/content/abstract/201/7/963},
	Year = {1998},
	Bdsk-File-1 = {YnBsaXN0MDDUAQIDBAUIJidUJHRvcFgkb2JqZWN0c1gkdmVyc2lvblkkYXJjaGl2ZXLRBgdUcm9vdIABqAkKFRYXGyIjVSRudWxs0wsMDQ4RFFpOUy5vYmplY3RzV05TLmtleXNWJGNsYXNzog8QgASABqISE4ACgAOAB1lhbGlhc0RhdGFccmVsYXRpdmVQYXRo0hgNGRpXTlMuZGF0YU8RAfYAAAAAAfYAAgAADE1hY2ludG9zaCBIRAAAAAAAAAAAAAAAAAAAAMNhm/VIKwAAAqmFSh1KLiBFeHAuIEJpb2wuIDE5OTggQ2hhaS0xLnBkZgAAAAAAAAAAAAAAAAAAAAAAAAAAAAAAAAAAAAAAAAAAAAACqSm8xAhXkwAAAAAAAAAAAAIABQAACSAAAAAAAAAAAAAAAAAAAAAEQ2hhaQAQAAgAAMNiDHUAAAARAAgAAMQIugMAAAABABgCqYVKAAwFswAMA04AC9/aAAvfhQAAeWsAAgBdTWFjaW50b3NoIEhEOlVzZXJzOmRlbm5pc2V2YW5nZWxpc3RhOkRvY3VtZW50czpQYXBlcnM6MTk5ODpDaGFpOkouIEV4cC4gQmlvbC4gMTk5OCBDaGFpLTEucGRmAAAOADwAHQBKAC4AIABFAHgAcAAuACAAQgBpAG8AbAAuACAAMQA5ADkAOAAgAEMAaABhAGkALQAxAC4AcABkAGYADwAaAAwATQBhAGMAaQBuAHQAbwBzAGgAIABIAEQAEgBQVXNlcnMvZGVubmlzZXZhbmdlbGlzdGEvRG9jdW1lbnRzL1BhcGVycy8xOTk4L0NoYWkvSi4gRXhwLiBCaW9sLiAxOTk4IENoYWktMS5wZGYAEwABLwAAFQACABj//wAAgAXSHB0eH1gkY2xhc3Nlc1okY2xhc3NuYW1lox8gIV1OU011dGFibGVEYXRhVk5TRGF0YVhOU09iamVjdF8QPi4uLy4uL0RvY3VtZW50cy9QYXBlcnMvMTk5OC9DaGFpL0ouIEV4cC4gQmlvbC4gMTk5OCBDaGFpLTEucGRm0hwdJCWiJSFcTlNEaWN0aW9uYXJ5EgABhqBfEA9OU0tleWVkQXJjaGl2ZXIACAARABYAHwAoADIANQA6ADwARQBLAFIAXQBlAGwAbwBxAHMAdgB4AHoAfACGAJMAmACgApoCnAKhAqoCtQK5AscCzgLXAxgDHQMgAy0DMgAAAAAAAAIBAAAAAAAAACgAAAAAAAAAAAAAAAAAAANE},
	Bdsk-Url-1 = {http://jeb.biologists.org/cgi/content/abstract/201/7/963}}

@article{Daley:2007,
	Abstract = {J. Exp. Biol.},
	Affiliation = {Harvard University, Department of Organismic and Evolutionary Biology},
	Author = {Monica A Daley and G Felix and Andrew A Biewener},
	Date-Added = {2010-06-10 14:24:52 -0700},
	Date-Modified = {2010-06-10 14:24:52 -0700},
	Doi = {10.1242/jeb.004226},
	Journal = {J. Exp. Biol.},
	Local-Url = {file://localhost/Users/dennisevangelista/Documents/Papers/2007/Daley/J.%20Exp.%20Biol.%202007%20Daley.pdf},
	Month = {Jan},
	Pages = {383--394},
	Rating = {0},
	Read = {Yes},
	Title = {Running stability is enhanced by a proximo-distal gradient in joint neuromechanical control},
	Uri = {papers://7745578F-AF22-43C6-9381-71DCABA46510/Paper/p564},
	Volume = {210},
	Year = {2007},
	Bdsk-File-1 = {YnBsaXN0MDDUAQIDBAUIJidUJHRvcFgkb2JqZWN0c1gkdmVyc2lvblkkYXJjaGl2ZXLRBgdUcm9vdIABqAkKFRYXGyIjVSRudWxs0wsMDQ4RFFpOUy5vYmplY3RzV05TLmtleXNWJGNsYXNzog8QgASABqISE4ACgAOAB1lhbGlhc0RhdGFccmVsYXRpdmVQYXRo0hgNGRpXTlMuZGF0YU8RAfYAAAAAAfYAAgAADE1hY2ludG9zaCBIRAAAAAAAAAAAAAAAAAAAAMNhm/VIKwAAAAwOpBxKLiBFeHAuIEJpb2wuIDIwMDcgRGFsZXkucGRmAAAAAAAAAAAAAAAAAAAAAAAAAAAAAAAAAAAAAAAAAAAAAAAADA6lweeb+QAAAAAAAAAAAAIABQAACSAAAAAAAAAAAAAAAAAAAAAFRGFsZXkAABAACAAAw2IMdQAAABEACAAAwegMeQAAAAEAGAAMDqQADA49AAwDTgAL39oAC9+FAAB5awACAF1NYWNpbnRvc2ggSEQ6VXNlcnM6ZGVubmlzZXZhbmdlbGlzdGE6RG9jdW1lbnRzOlBhcGVyczoyMDA3OkRhbGV5OkouIEV4cC4gQmlvbC4gMjAwNyBEYWxleS5wZGYAAA4AOgAcAEoALgAgAEUAeABwAC4AIABCAGkAbwBsAC4AIAAyADAAMAA3ACAARABhAGwAZQB5AC4AcABkAGYADwAaAAwATQBhAGMAaQBuAHQAbwBzAGgAIABIAEQAEgBQVXNlcnMvZGVubmlzZXZhbmdlbGlzdGEvRG9jdW1lbnRzL1BhcGVycy8yMDA3L0RhbGV5L0ouIEV4cC4gQmlvbC4gMjAwNyBEYWxleS5wZGYAEwABLwAAFQACABj//wAAgAXSHB0eH1gkY2xhc3Nlc1okY2xhc3NuYW1lox8gIV1OU011dGFibGVEYXRhVk5TRGF0YVhOU09iamVjdF8QPi4uLy4uL0RvY3VtZW50cy9QYXBlcnMvMjAwNy9EYWxleS9KLiBFeHAuIEJpb2wuIDIwMDcgRGFsZXkucGRm0hwdJCWiJSFcTlNEaWN0aW9uYXJ5EgABhqBfEA9OU0tleWVkQXJjaGl2ZXIACAARABYAHwAoADIANQA6ADwARQBLAFIAXQBlAGwAbwBxAHMAdgB4AHoAfACGAJMAmACgApoCnAKhAqoCtQK5AscCzgLXAxgDHQMgAy0DMgAAAAAAAAIBAAAAAAAAACgAAAAAAAAAAAAAAAAAAANE},
	Bdsk-Url-1 = {http://dx.doi.org/10.1242/jeb.004226}}

@article{Dial:2008,
	Author = {Kenneth P Dial and Brandon E Jackson and Paolo Segre},
	Date-Added = {2010-06-10 14:24:52 -0700},
	Date-Modified = {2010-06-10 14:24:52 -0700},
	Doi = {doi:10.1038/nature06517},
	Journal = {Nature},
	Local-Url = {file://localhost/Users/dennisevangelista/Documents/Papers/2008/Dial/Nature%202008%20Dial.pdf},
	Month = {Jan},
	Pages = {6},
	Rating = {4},
	Title = {A fundamental avian wing-stroke provides a new perspective on the evolution of flight},
	Uri = {papers://7745578F-AF22-43C6-9381-71DCABA46510/Paper/p2513},
	Year = {2008},
	Bdsk-File-1 = {YnBsaXN0MDDUAQIDBAUIJidUJHRvcFgkb2JqZWN0c1gkdmVyc2lvblkkYXJjaGl2ZXLRBgdUcm9vdIABqAkKFRYXGyIjVSRudWxs0wsMDQ4RFFpOUy5vYmplY3RzV05TLmtleXNWJGNsYXNzog8QgASABqISE4ACgAOAB1lhbGlhc0RhdGFccmVsYXRpdmVQYXRo0hgNGRpXTlMuZGF0YU8RAdIAAAAAAdIAAgAADE1hY2ludG9zaCBIRAAAAAAAAAAAAAAAAAAAAMNhm/VIKwAAAOnrVxROYXR1cmUgMjAwOCBEaWFsLnBkZgAAAAAAAAAAAAAAAAAAAAAAAAAAAAAAAAAAAAAAAAAAAAAAAAAAAAAAAAAA6etGw7zbWAAAAAAAAAAAAAIABQAACSAAAAAAAAAAAAAAAAAAAAAERGlhbAAQAAgAAMNiDHUAAAARAAgAAMO9S9gAAAABABgA6etXALzWJgAMA04AC9/aAAvfhQAAeWsAAgBUTWFjaW50b3NoIEhEOlVzZXJzOmRlbm5pc2V2YW5nZWxpc3RhOkRvY3VtZW50czpQYXBlcnM6MjAwODpEaWFsOk5hdHVyZSAyMDA4IERpYWwucGRmAA4AKgAUAE4AYQB0AHUAcgBlACAAMgAwADAAOAAgAEQAaQBhAGwALgBwAGQAZgAPABoADABNAGEAYwBpAG4AdABvAHMAaAAgAEgARAASAEdVc2Vycy9kZW5uaXNldmFuZ2VsaXN0YS9Eb2N1bWVudHMvUGFwZXJzLzIwMDgvRGlhbC9OYXR1cmUgMjAwOCBEaWFsLnBkZgAAEwABLwAAFQACABj//wAAgAXSHB0eH1gkY2xhc3Nlc1okY2xhc3NuYW1lox8gIV1OU011dGFibGVEYXRhVk5TRGF0YVhOU09iamVjdF8QNS4uLy4uL0RvY3VtZW50cy9QYXBlcnMvMjAwOC9EaWFsL05hdHVyZSAyMDA4IERpYWwucGRm0hwdJCWiJSFcTlNEaWN0aW9uYXJ5EgABhqBfEA9OU0tleWVkQXJjaGl2ZXIACAARABYAHwAoADIANQA6ADwARQBLAFIAXQBlAGwAbwBxAHMAdgB4AHoAfACGAJMAmACgAnYCeAJ9AoYCkQKVAqMCqgKzAusC8ALzAwADBQAAAAAAAAIBAAAAAAAAACgAAAAAAAAAAAAAAAAAAAMX},
	Bdsk-Url-1 = {http://dx.doi.org/10.1038/nature06517}}

@article{Dial:2003,
	Abstract = {Flapping wings of galliform birds are routinely used to produce aerodynamic forces oriented toward the substrate to enhance hindlimb traction. Here, I document this behavior in natural and laboratory settings. Adult birds },
	Author = {Kenneth P Dial},
	Date-Added = {2010-06-10 14:24:52 -0700},
	Date-Modified = {2010-06-10 14:24:52 -0700},
	Journal = {Science},
	Local-Url = {file://localhost/Users/dennisevangelista/Documents/Papers/2003/Dial/Science%202003%20Dial.pdf},
	Pages = {402},
	Pmid = {17160573404356396218related:usStNJeaJu4J},
	Rating = {5},
	Title = {Wing-Assisted Incline Running and the Evolution of Flight},
	Uri = {papers://7745578F-AF22-43C6-9381-71DCABA46510/Paper/p2351},
	Url = {http://www.sciencemag.org/cgi/content/abstract/299/5605/402},
	Volume = {299},
	Year = {2003},
	Bdsk-File-1 = {YnBsaXN0MDDUAQIDBAUIJidUJHRvcFgkb2JqZWN0c1gkdmVyc2lvblkkYXJjaGl2ZXLRBgdUcm9vdIABqAkKFRYXGyIjVSRudWxs0wsMDQ4RFFpOUy5vYmplY3RzV05TLmtleXNWJGNsYXNzog8QgASABqISE4ACgAOAB1lhbGlhc0RhdGFccmVsYXRpdmVQYXRo0hgNGRpXTlMuZGF0YU8RAdYAAAAAAdYAAgAADE1hY2ludG9zaCBIRAAAAAAAAAAAAAAAAAAAAMNhm/VIKwAAAAwIlhVTY2llbmNlIDIwMDMgRGlhbC5wZGYAAAAAAAAAAAAAAAAAAAAAAAAAAAAAAAAAAAAAAAAAAAAAAAAAAAAAAAAADAiXw2mtKAAAAAAAAAAAAAIABQAACSAAAAAAAAAAAAAAAAAAAAAERElBTAAQAAgAAMNiDHUAAAARAAgAAMNqHagAAAABABgADAiWAAwIXQAMA04AC9/aAAvfhQAAeWsAAgBVTWFjaW50b3NoIEhEOlVzZXJzOmRlbm5pc2V2YW5nZWxpc3RhOkRvY3VtZW50czpQYXBlcnM6MjAwMzpESUFMOlNjaWVuY2UgMjAwMyBEaWFsLnBkZgAADgAsABUAUwBjAGkAZQBuAGMAZQAgADIAMAAwADMAIABEAGkAYQBsAC4AcABkAGYADwAaAAwATQBhAGMAaQBuAHQAbwBzAGgAIABIAEQAEgBIVXNlcnMvZGVubmlzZXZhbmdlbGlzdGEvRG9jdW1lbnRzL1BhcGVycy8yMDAzL0RpYWwvU2NpZW5jZSAyMDAzIERpYWwucGRmABMAAS8AABUAAgAY//8AAIAF0hwdHh9YJGNsYXNzZXNaJGNsYXNzbmFtZaMfICFdTlNNdXRhYmxlRGF0YVZOU0RhdGFYTlNPYmplY3RfEDYuLi8uLi9Eb2N1bWVudHMvUGFwZXJzLzIwMDMvRGlhbC9TY2llbmNlIDIwMDMgRGlhbC5wZGbSHB0kJaIlIVxOU0RpY3Rpb25hcnkSAAGGoF8QD05TS2V5ZWRBcmNoaXZlcgAIABEAFgAfACgAMgA1ADoAPABFAEsAUgBdAGUAbABvAHEAcwB2AHgAegB8AIYAkwCYAKACegJ8AoECigKVApkCpwKuArcC8AL1AvgDBQMKAAAAAAAAAgEAAAAAAAAAKAAAAAAAAAAAAAAAAAAAAxw=},
	Bdsk-Url-1 = {http://www.sciencemag.org/cgi/content/abstract/299/5605/402}}

@article{Emerson:1990,
	Author = {Sharon B Emerson and Mimi A. R Koehl},
	Date-Added = {2010-06-10 14:24:52 -0700},
	Date-Modified = {2010-06-10 14:24:52 -0700},
	Journal = {Evolution},
	Local-Url = {file://localhost/Users/dennisevangelista/Documents/Papers/1990/Emerson/Evolution%201990%20Emerson.pdf},
	Month = {Sep},
	Number = {8},
	Pages = {1931--1946},
	Rating = {5},
	Title = {The interaction of behavioral and morphological change in the evolution of a novel locomotor type: ``Flying'' frogs},
	Uri = {papers://7745578F-AF22-43C6-9381-71DCABA46510/Paper/p2022},
	Volume = {44},
	Year = {1990},
	Bdsk-File-1 = {YnBsaXN0MDDUAQIDBAUIJidUJHRvcFgkb2JqZWN0c1gkdmVyc2lvblkkYXJjaGl2ZXLRBgdUcm9vdIABqAkKFRYXGyIjVSRudWxs0wsMDQ4RFFpOUy5vYmplY3RzV05TLmtleXNWJGNsYXNzog8QgASABqISE4ACgAOAB1lhbGlhc0RhdGFccmVsYXRpdmVQYXRo0hgNGRpXTlMuZGF0YU8RAfQAAAAAAfQAAgAADE1hY2ludG9zaCBIRAAAAAAAAAAAAAAAAAAAAMNhm/VIKwAAAAwE5xpFdm9sdXRpb24gMTk5MCBFbWVyc29uLnBkZgAAAAAAAAAAAAAAAAAAAAAAAAAAAAAAAAAAAAAAAAAAAAAAAAAADATrwx2aMQAAAAAAAAAAAAIABQAACSAAAAAAAAAAAAAAAAAAAAAHRW1lcnNvbgAAEAAIAADDYgx1AAAAEQAIAADDHfyhAAAAAQAYAAwE5wAMBOYADANOAAvf2gAL34UAAHlrAAIAXU1hY2ludG9zaCBIRDpVc2VyczpkZW5uaXNldmFuZ2VsaXN0YTpEb2N1bWVudHM6UGFwZXJzOjE5OTA6RW1lcnNvbjpFdm9sdXRpb24gMTk5MCBFbWVyc29uLnBkZgAADgA2ABoARQB2AG8AbAB1AHQAaQBvAG4AIAAxADkAOQAwACAARQBtAGUAcgBzAG8AbgAuAHAAZABmAA8AGgAMAE0AYQBjAGkAbgB0AG8AcwBoACAASABEABIAUFVzZXJzL2Rlbm5pc2V2YW5nZWxpc3RhL0RvY3VtZW50cy9QYXBlcnMvMTk5MC9FbWVyc29uL0V2b2x1dGlvbiAxOTkwIEVtZXJzb24ucGRmABMAAS8AABUAAgAY//8AAIAF0hwdHh9YJGNsYXNzZXNaJGNsYXNzbmFtZaMfICFdTlNNdXRhYmxlRGF0YVZOU0RhdGFYTlNPYmplY3RfED4uLi8uLi9Eb2N1bWVudHMvUGFwZXJzLzE5OTAvRW1lcnNvbi9Fdm9sdXRpb24gMTk5MCBFbWVyc29uLnBkZtIcHSQloiUhXE5TRGljdGlvbmFyeRIAAYagXxAPTlNLZXllZEFyY2hpdmVyAAgAEQAWAB8AKAAyADUAOgA8AEUASwBSAF0AZQBsAG8AcQBzAHYAeAB6AHwAhgCTAJgAoAKYApoCnwKoArMCtwLFAswC1QMWAxsDHgMrAzAAAAAAAAACAQAAAAAAAAAoAAAAAAAAAAAAAAAAAAADQg==}}

@article{Essner:2002,
	Author = {Essner, R. L.},
	Date-Added = {2010-06-10 14:24:52 -0700},
	Date-Modified = {2010-06-10 14:24:52 -0700},
	Journal = {J. exp. Biol.},
	Pages = {2469-2477},
	Title = {Three-dimensional launch kinematics in leaping, parachuting and gliding squirrels},
	Volume = {205},
	Year = {2002},
	Bdsk-File-1 = {YnBsaXN0MDDUAQIDBAUIJidUJHRvcFgkb2JqZWN0c1gkdmVyc2lvblkkYXJjaGl2ZXLRBgdUcm9vdIABqAkKFRYXGyIjVSRudWxs0wsMDQ4RFFpOUy5vYmplY3RzV05TLmtleXNWJGNsYXNzog8QgASABqISE4ACgAOAB1lhbGlhc0RhdGFccmVsYXRpdmVQYXRo0hgNGRpXTlMuZGF0YU8RAfwAAAAAAfwAAgAADE1hY2ludG9zaCBIRAAAAAAAAAAAAAAAAAAAAMNhm/VIKwAAEn7o/x1KLiBFeHAuIEJpb2wuIDIwMDIgRXNzbmVyLnBkZgAAAAAAAAAAAAAAAAAAAAAAAAAAAAAAAAAAAAAAAAAAAAASfukAx+DI7QAAAAAAAAAAAAIABQAACSAAAAAAAAAAAAAAAAAAAAAGRXNzbmVyABAACAAAw2IMdQAAABEACAAAx+ErXQAAAAEAGBJ+6P8ADAdvAAwDTgAL39oAC9+FAAB5awACAF9NYWNpbnRvc2ggSEQ6VXNlcnM6ZGVubmlzZXZhbmdlbGlzdGE6RG9jdW1lbnRzOlBhcGVyczoyMDAyOkVzc25lcjpKLiBFeHAuIEJpb2wuIDIwMDIgRXNzbmVyLnBkZgAADgA8AB0ASgAuACAARQB4AHAALgAgAEIAaQBvAGwALgAgADIAMAAwADIAIABFAHMAcwBuAGUAcgAuAHAAZABmAA8AGgAMAE0AYQBjAGkAbgB0AG8AcwBoACAASABEABIAUlVzZXJzL2Rlbm5pc2V2YW5nZWxpc3RhL0RvY3VtZW50cy9QYXBlcnMvMjAwMi9Fc3NuZXIvSi4gRXhwLiBCaW9sLiAyMDAyIEVzc25lci5wZGYAEwABLwAAFQACABj//wAAgAXSHB0eH1gkY2xhc3Nlc1okY2xhc3NuYW1lox8gIV1OU011dGFibGVEYXRhVk5TRGF0YVhOU09iamVjdF8QQC4uLy4uL0RvY3VtZW50cy9QYXBlcnMvMjAwMi9Fc3NuZXIvSi4gRXhwLiBCaW9sLiAyMDAyIEVzc25lci5wZGbSHB0kJaIlIVxOU0RpY3Rpb25hcnkSAAGGoF8QD05TS2V5ZWRBcmNoaXZlcgAIABEAFgAfACgAMgA1ADoAPABFAEsAUgBdAGUAbABvAHEAcwB2AHgAegB8AIYAkwCYAKACoAKiAqcCsAK7Ar8CzQLUAt0DIAMlAygDNQM6AAAAAAAAAgEAAAAAAAAAKAAAAAAAAAAAAAAAAAAAA0w=},
	Bdsk-Url-1 = {http://www.google.com/search?client=safari&rls=en-us&q=Three-dimensional+launch+kinematics+in+leaping,+parachuting+and+gliding+squirrels&ie=UTF-8&oe=UTF-8}}

@article{Evans:1994,
	Author = {Evans, M. R. and Martins, T. L. F. and Haley, M.},
	Date-Added = {2010-06-10 14:24:52 -0700},
	Date-Modified = {2010-06-10 14:24:52 -0700},
	Journal = {Proceedings of the Royal Society of London, B},
	Number = {1345},
	Pages = {97-103},
	Title = {The asymmetrical cost of tail elongation in {R}ed-billed {S}treamertails},
	Volume = {256},
	Year = {1994},
	Bdsk-File-1 = {YnBsaXN0MDDUAQIDBAUIJidUJHRvcFgkb2JqZWN0c1gkdmVyc2lvblkkYXJjaGl2ZXLRBgdUcm9vdIABqAkKFRYXGyIjVSRudWxs0wsMDQ4RFFpOUy5vYmplY3RzV05TLmtleXNWJGNsYXNzog8QgASABqISE4ACgAOAB1lhbGlhc0RhdGFccmVsYXRpdmVQYXRo0hgNGRpXTlMuZGF0YU8RAi4AAAAAAi4AAgAADE1hY2ludG9zaCBIRAAAAAAAAAAAAAAAAAAAAMNhm/VIKwAAEn7pJB9Qcm9jZWVkaW5ncyBCaW9sb2cjMTI3RUU5MTEucGRmAAAAAAAAAAAAAAAAAAAAAAAAAAAAAAAAAAAAAAAAAAASfukRx+DJEwAAAAAAAAAAAAIABQAACSAAAAAAAAAAAAAAAAAAAAAFRXZhbnMAABAACAAAw2IMdQAAABEACAAAx+ErgwAAAAEAGBJ+6SQADAUyAAwDTgAL39oAC9+FAAB5awACAGBNYWNpbnRvc2ggSEQ6VXNlcnM6ZGVubmlzZXZhbmdlbGlzdGE6RG9jdW1lbnRzOlBhcGVyczoxOTk0OkV2YW5zOlByb2NlZWRpbmdzIEJpb2xvZyMxMjdFRTkxMS5wZGYADgBeAC4AUAByAG8AYwBlAGUAZABpAG4AZwBzACAAQgBpAG8AbABvAGcAaQBjAGEAbAAgAFMAYwBpAGUAbgBjAGUAcwAgADEAOQA5ADQAIABFAHYAYQBuAHMALgBwAGQAZgAPABoADABNAGEAYwBpAG4AdABvAHMAaAAgAEgARAASAGJVc2Vycy9kZW5uaXNldmFuZ2VsaXN0YS9Eb2N1bWVudHMvUGFwZXJzLzE5OTQvRXZhbnMvUHJvY2VlZGluZ3MgQmlvbG9naWNhbCBTY2llbmNlcyAxOTk0IEV2YW5zLnBkZgATAAEvAAAVAAIAGP//AACABdIcHR4fWCRjbGFzc2VzWiRjbGFzc25hbWWjHyAhXU5TTXV0YWJsZURhdGFWTlNEYXRhWE5TT2JqZWN0XxBQLi4vLi4vRG9jdW1lbnRzL1BhcGVycy8xOTk0L0V2YW5zL1Byb2NlZWRpbmdzIEJpb2xvZ2ljYWwgU2NpZW5jZXMgMTk5NCBFdmFucy5wZGbSHB0kJaIlIVxOU0RpY3Rpb25hcnkSAAGGoF8QD05TS2V5ZWRBcmNoaXZlcgAIABEAFgAfACgAMgA1ADoAPABFAEsAUgBdAGUAbABvAHEAcwB2AHgAegB8AIYAkwCYAKAC0gLUAtkC4gLtAvEC/wMGAw8DYgNnA2oDdwN8AAAAAAAAAgEAAAAAAAAAKAAAAAAAAAAAAAAAAAAAA44=}}

@article{Evans:1992,
	Author = {Evans, M. R. and Hatchwell, B. J.},
	Date-Added = {2010-06-10 14:24:52 -0700},
	Date-Modified = {2010-06-11 10:12:28 -0700},
	Journal = {Behavioral and Ecological Sociobiology},
	Pages = {421-427},
	Title = {An experimental study of male adornment in the {S}carlet-tufted {M}alachite {S}unbird: {II}. {T}he role of the elongated tail in mate choice and experimental evidence for a handicap.},
	Volume = {29},
	Year = {1992},
	Bdsk-File-1 = {YnBsaXN0MDDUAQIDBAUIJidUJHRvcFgkb2JqZWN0c1gkdmVyc2lvblkkYXJjaGl2ZXLRBgdUcm9vdIABqAkKFRYXGyIjVSRudWxs0wsMDQ4RFFpOUy5vYmplY3RzV05TLmtleXNWJGNsYXNzog8QgASABqISE4ACgAOAB1lhbGlhc0RhdGFccmVsYXRpdmVQYXRo0hgNGRpXTlMuZGF0YU8RAjoAAAAAAjoAAgAADE1hY2ludG9zaCBIRAAAAAAAAAAAAAAAAAAAAMNhm/VIKwAAEn7pOR9CZWhhdmlvcmFsIEVjb2xvZ3kjMTI3RUU5M0EucGRmAAAAAAAAAAAAAAAAAAAAAAAAAAAAAAAAAAAAAAAAAAASfuk6x+DJcwAAAAAAAAAAAAIABQAACSAAAAAAAAAAAAAAAAAAAAAFRXZhbnMAABAACAAAw2IMdQAAABEACAAAx+Er4wAAAAEAGBJ+6TkADAULAAwDTgAL39oAC9+FAAB5awACAGBNYWNpbnRvc2ggSEQ6VXNlcnM6ZGVubmlzZXZhbmdlbGlzdGE6RG9jdW1lbnRzOlBhcGVyczoxOTkyOkV2YW5zOkJlaGF2aW9yYWwgRWNvbG9neSMxMjdFRTkzQS5wZGYADgBmADIAQgBlAGgAYQB2AGkAbwByAGEAbAAgAEUAYwBvAGwAbwBnAHkAIABhAG4AZAAgAFMAbwBjAGkAbwBiAGkAbwBsAG8AZwB5ACAAMQA5ADkAMgAgAEUAdgBhAG4AcwAuAHAAZABmAA8AGgAMAE0AYQBjAGkAbgB0AG8AcwBoACAASABEABIAZlVzZXJzL2Rlbm5pc2V2YW5nZWxpc3RhL0RvY3VtZW50cy9QYXBlcnMvMTk5Mi9FdmFucy9CZWhhdmlvcmFsIEVjb2xvZ3kgYW5kIFNvY2lvYmlvbG9neSAxOTkyIEV2YW5zLnBkZgATAAEvAAAVAAIAGP//AACABdIcHR4fWCRjbGFzc2VzWiRjbGFzc25hbWWjHyAhXU5TTXV0YWJsZURhdGFWTlNEYXRhWE5TT2JqZWN0XxBULi4vLi4vRG9jdW1lbnRzL1BhcGVycy8xOTkyL0V2YW5zL0JlaGF2aW9yYWwgRWNvbG9neSBhbmQgU29jaW9iaW9sb2d5IDE5OTIgRXZhbnMucGRm0hwdJCWiJSFcTlNEaWN0aW9uYXJ5EgABhqBfEA9OU0tleWVkQXJjaGl2ZXIACAARABYAHwAoADIANQA6ADwARQBLAFIAXQBlAGwAbwBxAHMAdgB4AHoAfACGAJMAmACgAt4C4ALlAu4C+QL9AwsDEgMbA3IDdwN6A4cDjAAAAAAAAAIBAAAAAAAAACgAAAAAAAAAAAAAAAAAAAOe},
	Bdsk-Url-1 = {http://www.google.com/search?client=safari&rls=en-us&q=An+experimental+study+of+male+adornment+in+the+scarlet-tufted+malachite+sunbird:+II.+The+role+of+the+elongated+tail+in+mate+choice+and+experimental+evidence+for+a+handicap.&ie=UTF-8&oe=UTF-8}}

@article{Hedrick:2007,
	Abstract = {Maneuvering flight has long been recognized as an important component of the natural behavior of many bird species, but has been the subject of little experimental work. Here we examine the kinematics and neuromuscular control of turning flight in the rose-breasted cockatoo Eolophus roseicapillus (N=6), testing predictions of maneuvering flight and control based on aerodynamic theory and prior kinematic and neuromuscular studies. Six cockatoos were trained to navigate between two perches placed in an L-shaped flight corridor, making a 90 degrees turn midway through each flight. Flights were recorded with three synchronized high-speed video cameras placed outside the corridor, allowing a three-dimensional reconstruction of wing and body kinematics through the turn. We simultaneously collected electromyography recordings from bilateral implants in the pectoralis, supracoracoideus, biceps brachii and extensor metacarpi radialis muscles. The cockatoos maneuvered using flapping, banked turns with an average turn radius of 0.92 m. The mean rate of change in heading during a complete wingbeat varied through the turn and was significantly correlated to roll angle at mid-downstroke. Changes in roll angle were found to include both within-wingbeat and among-wingbeat components that bear no direct relationship to one another. Within-wingbeat changes in roll were dominated by the inertial effects while among-wingbeat changes in roll were likely the result of both inertial and aerodynamic effects.},
	Affiliation = {Department of Biology, CB 3280 Coker Hall, University of North Carolina, Chapel Hill, NC 27599-3280, USA.},
	Author = {Tyson L Hedrick and Andrew A Biewener},
	Date-Added = {2010-06-10 14:24:52 -0700},
	Date-Modified = {2010-06-11 10:12:51 -0700},
	Doi = {10.1242/jeb.002055},
	Journal = {J. Exp. Biol.},
	Language = {English},
	Local-Url = {file://localhost/Users/dennisevangelista/Documents/Papers/2007/Hedrick/J.%20Exp.%20Biol.%202007%20Hedrick.pdf},
	Month = {Jun},
	Number = {Pt 11},
	Pages = {1897--911},
	Pii = {210/11/1897},
	Pmid = {17515416},
	Rating = {5},
	Read = {Yes},
	Title = {Low speed maneuvering flight of the {R}ose-breasted {C}ockatoo (\emph{{E}olophus roseicapillus})},
	Uri = {papers://7745578F-AF22-43C6-9381-71DCABA46510/Paper/p571},
	Volume = {210},
	Year = {2007},
	Bdsk-File-1 = {YnBsaXN0MDDUAQIDBAUIJidUJHRvcFgkb2JqZWN0c1gkdmVyc2lvblkkYXJjaGl2ZXLRBgdUcm9vdIABqAkKFRYXGyIjVSRudWxs0wsMDQ4RFFpOUy5vYmplY3RzV05TLmtleXNWJGNsYXNzog8QgASABqISE4ACgAOAB1lhbGlhc0RhdGFccmVsYXRpdmVQYXRo0hgNGRpXTlMuZGF0YU8RAgQAAAAAAgQAAgAADE1hY2ludG9zaCBIRAAAAAAAAAAAAAAAAAAAAMNhm/VIKwAAA8bUwh5KLiBFeHAuIEJpb2wuIDIwMDcgSGVkcmljay5wZGYAAAAAAAAAAAAAAAAAAAAAAAAAAAAAAAAAAAAAAAAAAAAADA7zwndQiQAAAAAAAAAAAAIABQAACSAAAAAAAAAAAAAAAAAAAAAHSGVkcmljawAAEAAIAADDYgx1AAAAEQAIAADCd7L5AAAAAQAYA8bUwgAMDj0ADANOAAvf2gAL34UAAHlrAAIAYU1hY2ludG9zaCBIRDpVc2VyczpkZW5uaXNldmFuZ2VsaXN0YTpEb2N1bWVudHM6UGFwZXJzOjIwMDc6SGVkcmljazpKLiBFeHAuIEJpb2wuIDIwMDcgSGVkcmljay5wZGYAAA4APgAeAEoALgAgAEUAeABwAC4AIABCAGkAbwBsAC4AIAAyADAAMAA3ACAASABlAGQAcgBpAGMAawAuAHAAZABmAA8AGgAMAE0AYQBjAGkAbgB0AG8AcwBoACAASABEABIAVFVzZXJzL2Rlbm5pc2V2YW5nZWxpc3RhL0RvY3VtZW50cy9QYXBlcnMvMjAwNy9IZWRyaWNrL0ouIEV4cC4gQmlvbC4gMjAwNyBIZWRyaWNrLnBkZgATAAEvAAAVAAIAGP//AACABdIcHR4fWCRjbGFzc2VzWiRjbGFzc25hbWWjHyAhXU5TTXV0YWJsZURhdGFWTlNEYXRhWE5TT2JqZWN0XxBCLi4vLi4vRG9jdW1lbnRzL1BhcGVycy8yMDA3L0hlZHJpY2svSi4gRXhwLiBCaW9sLiAyMDA3IEhlZHJpY2sucGRm0hwdJCWiJSFcTlNEaWN0aW9uYXJ5EgABhqBfEA9OU0tleWVkQXJjaGl2ZXIACAARABYAHwAoADIANQA6ADwARQBLAFIAXQBlAGwAbwBxAHMAdgB4AHoAfACGAJMAmACgAqgCqgKvArgCwwLHAtUC3ALlAyoDLwMyAz8DRAAAAAAAAAIBAAAAAAAAACgAAAAAAAAAAAAAAAAAAANW},
	Bdsk-Url-1 = {http://dx.doi.org/10.1242/jeb.002055}}

@book{Heinrichs:2009,
	Address = {Minneapolis, MN},
	Author = {Heinrichs, Christine},
	Date-Added = {2010-06-10 14:24:52 -0700},
	Date-Modified = {2010-06-10 14:24:52 -0700},
	Publisher = {Voyageur Press},
	Title = {How to Raise Poultry},
	Year = {2009}}

@book{Holderread:2001,
	Author = {David Holderread},
	Date-Added = {2010-06-10 14:24:52 -0700},
	Date-Modified = {2010-06-10 14:24:52 -0700},
	Publisher = {Storey Publishing},
	Title = {Storey's Guide to Raising Ducks},
	Year = {2001}}

@article{Jusufi:2008,
	Author = {Ardian Jusufi and Daniel I Goldman and Shai Revzen and Robert J Full},
	Date-Added = {2010-06-10 14:24:52 -0700},
	Date-Modified = {2010-06-10 14:24:52 -0700},
	Journal = {PNAS},
	Local-Url = {file://localhost/Users/dennisevangelista/Documents/Papers/2008/Jusufi/PNAS%202008%20Jusufi.pdf},
	Month = {Mar},
	Number = {11},
	Pages = {4215--4219},
	Rating = {4},
	Title = {Active tails enhance arboreal acrobatics in geckos},
	Uri = {papers://7745578F-AF22-43C6-9381-71DCABA46510/Paper/p2983},
	Volume = {105},
	Year = {2008},
	Bdsk-File-1 = {YnBsaXN0MDDUAQIDBAUIJidUJHRvcFgkb2JqZWN0c1gkdmVyc2lvblkkYXJjaGl2ZXLRBgdUcm9vdIABqAkKFRYXGyIjVSRudWxs0wsMDQ4RFFpOUy5vYmplY3RzV05TLmtleXNWJGNsYXNzog8QgASABqISE4ACgAOAB1lhbGlhc0RhdGFccmVsYXRpdmVQYXRo0hgNGRpXTlMuZGF0YU8RAdgAAAAAAdgAAgAADE1hY2ludG9zaCBIRAAAAAAAAAAAAAAAAAAAAMNhm/VIKwAAAqmh+BRQTkFTIDIwMDggSnVzdWZpLnBkZgAAAAAAAAAAAAAAAAAAAAAAAAAAAAAAAAAAAAAAAAAAAAAAAAAAAAAAAAACl82sxAVIpQAAAAAAAAAAAAIABQAACSAAAAAAAAAAAAAAAAAAAAAGSnVzdWZpABAACAAAw2IMdQAAABEACAAAxAWrFQAAAAEAGAKpofgAvNYmAAwDTgAL39oAC9+FAAB5awACAFZNYWNpbnRvc2ggSEQ6VXNlcnM6ZGVubmlzZXZhbmdlbGlzdGE6RG9jdW1lbnRzOlBhcGVyczoyMDA4Okp1c3VmaTpQTkFTIDIwMDggSnVzdWZpLnBkZgAOACoAFABQAE4AQQBTACAAMgAwADAAOAAgAEoAdQBzAHUAZgBpAC4AcABkAGYADwAaAAwATQBhAGMAaQBuAHQAbwBzAGgAIABIAEQAEgBJVXNlcnMvZGVubmlzZXZhbmdlbGlzdGEvRG9jdW1lbnRzL1BhcGVycy8yMDA4L0p1c3VmaS9QTkFTIDIwMDggSnVzdWZpLnBkZgAAEwABLwAAFQACABj//wAAgAXSHB0eH1gkY2xhc3Nlc1okY2xhc3NuYW1lox8gIV1OU011dGFibGVEYXRhVk5TRGF0YVhOU09iamVjdF8QNy4uLy4uL0RvY3VtZW50cy9QYXBlcnMvMjAwOC9KdXN1ZmkvUE5BUyAyMDA4IEp1c3VmaS5wZGbSHB0kJaIlIVxOU0RpY3Rpb25hcnkSAAGGoF8QD05TS2V5ZWRBcmNoaXZlcgAIABEAFgAfACgAMgA1ADoAPABFAEsAUgBdAGUAbABvAHEAcwB2AHgAegB8AIYAkwCYAKACfAJ+AoMCjAKXApsCqQKwArkC8wL4AvsDCAMNAAAAAAAAAgEAAAAAAAAAKAAAAAAAAAAAAAAAAAAAAx8=}}

@article{Lippincott:1920,
	Author = {Lippincott, W.},
	Date-Added = {2010-06-10 14:24:52 -0700},
	Date-Modified = {2010-06-10 14:24:52 -0700},
	Journal = {Am. Nat.},
	Number = {635},
	Pages = {535-539},
	Title = {Note on the ``pelvic wing'' in poultry},
	Volume = {54},
	Year = {1920},
	Bdsk-File-1 = {YnBsaXN0MDDUAQIDBAUIJidUJHRvcFgkb2JqZWN0c1gkdmVyc2lvblkkYXJjaGl2ZXLRBgdUcm9vdIABqAkKFRYXGyIjVSRudWxs0wsMDQ4RFFpOUy5vYmplY3RzV05TLmtleXNWJGNsYXNzog8QgASABqISE4ACgAOAB1lhbGlhc0RhdGFccmVsYXRpdmVQYXRo0hgNGRpXTlMuZGF0YU8RAfwAAAAAAfwAAgAADE1hY2ludG9zaCBIRAAAAAAAAAAAAAAAAAAAAMNhm/VIKwAAEn7peBpBbSBOYXQgMTkyMCBMaXBwaW5jb3R0LnBkZgAAAAAAAAAAAAAAAAAAAAAAAAAAAAAAAAAAAAAAAAAAAAAAAAASYhIdx6MHglBERiBDQVJPAAIABQAACSAAAAAAAAAAAAAAAAAAAAAKTGlwcGluY290dAAQAAgAAMNiDHUAAAARAAgAAMejeAIAAAABABgSful4En7pdwAMA04AC9/aAAvfhQAAeWsAAgBgTWFjaW50b3NoIEhEOlVzZXJzOmRlbm5pc2V2YW5nZWxpc3RhOkRvY3VtZW50czpQYXBlcnM6MTkyMDpMaXBwaW5jb3R0OkFtIE5hdCAxOTIwIExpcHBpbmNvdHQucGRmAA4ANgAaAEEAbQAgAE4AYQB0ACAAMQA5ADIAMAAgAEwAaQBwAHAAaQBuAGMAbwB0AHQALgBwAGQAZgAPABoADABNAGEAYwBpAG4AdABvAHMAaAAgAEgARAASAFNVc2Vycy9kZW5uaXNldmFuZ2VsaXN0YS9Eb2N1bWVudHMvUGFwZXJzLzE5MjAvTGlwcGluY290dC9BbSBOYXQgMTkyMCBMaXBwaW5jb3R0LnBkZgAAEwABLwAAFQACABj//wAAgAXSHB0eH1gkY2xhc3Nlc1okY2xhc3NuYW1lox8gIV1OU011dGFibGVEYXRhVk5TRGF0YVhOU09iamVjdF8QQS4uLy4uL0RvY3VtZW50cy9QYXBlcnMvMTkyMC9MaXBwaW5jb3R0L0FtIE5hdCAxOTIwIExpcHBpbmNvdHQucGRm0hwdJCWiJSFcTlNEaWN0aW9uYXJ5EgABhqBfEA9OU0tleWVkQXJjaGl2ZXIACAARABYAHwAoADIANQA6ADwARQBLAFIAXQBlAGwAbwBxAHMAdgB4AHoAfACGAJMAmACgAqACogKnArACuwK/As0C1ALdAyEDJgMpAzYDOwAAAAAAAAIBAAAAAAAAACgAAAAAAAAAAAAAAAAAAANN}}

@article{McCay:2001,
	Abstract = {JEB204-16},
	Affiliation = {UC Berkeley},
	Author = {Michael G McCay},
	Date-Added = {2010-06-10 14:24:52 -0700},
	Date-Modified = {2010-06-10 14:24:52 -0700},
	Journal = {J. Exp. Biol.},
	Keywords = {maneuverability, aerodynamic stability, gliding, Polypedates dennysi, tree frog.},
	Local-Url = {file://localhost/Users/dennisevangelista/Documents/Papers/2001/McCay/J.%20Exp.%20Biol.%202001%20McCay.pdf},
	Month = {Jul},
	Number = {16},
	Pages = {2817--2826},
	Rating = {5},
	Read = {Yes},
	Title = {Aerodynamic stability and maneuverability of the gliding frog \emph{{P}olypedates dennysi}},
	Uri = {papers://7745578F-AF22-43C6-9381-71DCABA46510/Paper/p2021},
	Volume = {204},
	Year = {2001},
	Bdsk-File-1 = {YnBsaXN0MDDUAQIDBAUIJidUJHRvcFgkb2JqZWN0c1gkdmVyc2lvblkkYXJjaGl2ZXLRBgdUcm9vdIABqAkKFRYXGyIjVSRudWxs0wsMDQ4RFFpOUy5vYmplY3RzV05TLmtleXNWJGNsYXNzog8QgASABqISE4ACgAOAB1lhbGlhc0RhdGFccmVsYXRpdmVQYXRo0hgNGRpXTlMuZGF0YU8RAfYAAAAAAfYAAgAADE1hY2ludG9zaCBIRAAAAAAAAAAAAAAAAAAAAMNhm/VIKwAAAAwHLRxKLiBFeHAuIEJpb2wuIDIwMDEgTWNDYXkucGRmAAAAAAAAAAAAAAAAAAAAAAAAAAAAAAAAAAAAAAAAAAAAAAAADAcvwx2cDwAAAAAAAAAAAAIABQAACSAAAAAAAAAAAAAAAAAAAAAFTWNDYXkAABAACAAAw2IMdQAAABEACAAAwx3+fwAAAAEAGAAMBy0ADAbpAAwDTgAL39oAC9+FAAB5awACAF1NYWNpbnRvc2ggSEQ6VXNlcnM6ZGVubmlzZXZhbmdlbGlzdGE6RG9jdW1lbnRzOlBhcGVyczoyMDAxOk1jQ2F5OkouIEV4cC4gQmlvbC4gMjAwMSBNY0NheS5wZGYAAA4AOgAcAEoALgAgAEUAeABwAC4AIABCAGkAbwBsAC4AIAAyADAAMAAxACAATQBjAEMAYQB5AC4AcABkAGYADwAaAAwATQBhAGMAaQBuAHQAbwBzAGgAIABIAEQAEgBQVXNlcnMvZGVubmlzZXZhbmdlbGlzdGEvRG9jdW1lbnRzL1BhcGVycy8yMDAxL01jQ2F5L0ouIEV4cC4gQmlvbC4gMjAwMSBNY0NheS5wZGYAEwABLwAAFQACABj//wAAgAXSHB0eH1gkY2xhc3Nlc1okY2xhc3NuYW1lox8gIV1OU011dGFibGVEYXRhVk5TRGF0YVhOU09iamVjdF8QPi4uLy4uL0RvY3VtZW50cy9QYXBlcnMvMjAwMS9NY0NheS9KLiBFeHAuIEJpb2wuIDIwMDEgTWNDYXkucGRm0hwdJCWiJSFcTlNEaWN0aW9uYXJ5EgABhqBfEA9OU0tleWVkQXJjaGl2ZXIACAARABYAHwAoADIANQA6ADwARQBLAFIAXQBlAGwAbwBxAHMAdgB4AHoAfACGAJMAmACgApoCnAKhAqoCtQK5AscCzgLXAxgDHQMgAy0DMgAAAAAAAAIBAAAAAAAAACgAAAAAAAAAAAAAAAAAAANE}}

@phdthesis{McGuire:1998,
	Author = {McGuire, J. A.},
	Date-Added = {2010-06-10 14:24:52 -0700},
	Date-Modified = {2010-06-10 14:24:52 -0700},
	School = {University of Texas, Austin},
	Title = {Phylogenetic systematics, scaling relationships, and the evolution of gliding performance in flying lizards (genus \emph{{D}raco})},
	Year = {1998}}

@article{McGuire:2001,
	Author = {Jimmy A McGuire and Kiew Bong Heang},
	Date-Added = {2010-06-10 14:24:52 -0700},
	Date-Modified = {2010-06-10 14:24:52 -0700},
	Journal = {Biological Journal of the Linnean Society},
	Local-Url = {file://localhost/Users/dennisevangelista/Documents/Papers/2001/McGuire/Biological%20Journal%20of%20the%20Linnean%20Society%202001%20McGuire.pdf},
	Month = {Oct},
	Pages = {203--229},
	Rating = {0},
	Title = {Phylogenetic systematics of {S}outheast {A}sian flying lizards ({I}guania: {A}gamidae: \emph{{D}raco}) as inferred from mitochondrial {DNA} sequence data},
	Uri = {papers://7745578F-AF22-43C6-9381-71DCABA46510/Paper/p5907},
	Volume = {72},
	Year = {2001},
	Bdsk-File-1 = {YnBsaXN0MDDUAQIDBAUIJidUJHRvcFgkb2JqZWN0c1gkdmVyc2lvblkkYXJjaGl2ZXLRBgdUcm9vdIABqAkKFRYXGyIjVSRudWxs0wsMDQ4RFFpOUy5vYmplY3RzV05TLmtleXNWJGNsYXNzog8QgASABqISE4ACgAOAB1lhbGlhc0RhdGFccmVsYXRpdmVQYXRo0hgNGRpXTlMuZGF0YU8RAlgAAAAAAlgAAgAADE1hY2ludG9zaCBIRAAAAAAAAAAAAAAAAAAAAMNhm/VIKwAACy5/pB9CaW9sb2dpY2FsIEpvdXJuYWwgIzcxNEQ1MjcucGRmAAAAAAAAAAAAAAAAAAAAAAAAAAAAAAAAAAAAAAAAAAAHFNUnxfz+NAAAAAAAAAAAAAIABQAACSAAAAAAAAAAAAAAAAAAAAAHTWNHdWlyZQAAEAAIAADDYgx1AAAAEQAIAADF/WCkAAAAAQAYCy5/pAAMBukADANOAAvf2gAL34UAAHlrAAIAYk1hY2ludG9zaCBIRDpVc2VyczpkZW5uaXNldmFuZ2VsaXN0YTpEb2N1bWVudHM6UGFwZXJzOjIwMDE6TWNHdWlyZTpCaW9sb2dpY2FsIEpvdXJuYWwgIzcxNEQ1MjcucGRmAA4AdgA6AEIAaQBvAGwAbwBnAGkAYwBhAGwAIABKAG8AdQByAG4AYQBsACAAbwBmACAAdABoAGUAIABMAGkAbgBuAGUAYQBuACAAUwBvAGMAaQBlAHQAeQAgADIAMAAwADEAIABNAGMARwB1AGkAcgBlAC4AcABkAGYADwAaAAwATQBhAGMAaQBuAHQAbwBzAGgAIABIAEQAEgBwVXNlcnMvZGVubmlzZXZhbmdlbGlzdGEvRG9jdW1lbnRzL1BhcGVycy8yMDAxL01jR3VpcmUvQmlvbG9naWNhbCBKb3VybmFsIG9mIHRoZSBMaW5uZWFuIFNvY2lldHkgMjAwMSBNY0d1aXJlLnBkZgATAAEvAAAVAAIAGP//AACABdIcHR4fWCRjbGFzc2VzWiRjbGFzc25hbWWjHyAhXU5TTXV0YWJsZURhdGFWTlNEYXRhWE5TT2JqZWN0XxBeLi4vLi4vRG9jdW1lbnRzL1BhcGVycy8yMDAxL01jR3VpcmUvQmlvbG9naWNhbCBKb3VybmFsIG9mIHRoZSBMaW5uZWFuIFNvY2lldHkgMjAwMSBNY0d1aXJlLnBkZtIcHSQloiUhXE5TRGljdGlvbmFyeRIAAYagXxAPTlNLZXllZEFyY2hpdmVyAAgAEQAWAB8AKAAyADUAOgA8AEUASwBSAF0AZQBsAG8AcQBzAHYAeAB6AHwAhgCTAJgAoAL8Av4DAwMMAxcDGwMpAzADOQOaA58DogOvA7QAAAAAAAACAQAAAAAAAAAoAAAAAAAAAAAAAAAAAAADxg==}}

@book{Otoole:2003,
	Address = {Stevensville, MT},
	Author = {Richard O'Toole},
	Date-Added = {2010-06-10 14:24:52 -0700},
	Date-Modified = {2010-06-10 14:24:52 -0700},
	Keywords = {chukar, hunting},
	Publisher = {Stoneydale Press},
	Title = {Hunting Chukar: A no-nonsense guide to the successful pursuit of the west's most elusive game bird},
	Year = {2003}}

@article{Socha:2002,
	Author = {Socha, J. J.},
	Date-Added = {2010-06-10 14:24:52 -0700},
	Date-Modified = {2010-06-10 14:24:52 -0700},
	Journal = {Nature},
	Pages = {603-604},
	Title = {Gliding flight in the paradise tree snake},
	Volume = {418},
	Year = {2002},
	Bdsk-File-1 = {YnBsaXN0MDDUAQIDBAUIJidUJHRvcFgkb2JqZWN0c1gkdmVyc2lvblkkYXJjaGl2ZXLRBgdUcm9vdIABqAkKFRYXGyIjVSRudWxs0wsMDQ4RFFpOUy5vYmplY3RzV05TLmtleXNWJGNsYXNzog8QgASABqISE4ACgAOAB1lhbGlhc0RhdGFccmVsYXRpdmVQYXRo0hgNGRpXTlMuZGF0YU8RAdoAAAAAAdoAAgAADE1hY2ludG9zaCBIRAAAAAAAAAAAAAAAAAAAAMNhm/VIKwAAEn7pYBVOYXR1cmUgMjAwMiBTb2NoYS5wZGYAAAAAAAAAAAAAAAAAAAAAAAAAAAAAAAAAAAAAAAAAAAAAAAAAAAAAAAASfulhx+DJ1gAAAAAAAAAAAAIABQAACSAAAAAAAAAAAAAAAAAAAAAFU29jaGEAABAACAAAw2IMdQAAABEACAAAx+EsRgAAAAEAGBJ+6WAADAdvAAwDTgAL39oAC9+FAAB5awACAFZNYWNpbnRvc2ggSEQ6VXNlcnM6ZGVubmlzZXZhbmdlbGlzdGE6RG9jdW1lbnRzOlBhcGVyczoyMDAyOlNvY2hhOk5hdHVyZSAyMDAyIFNvY2hhLnBkZgAOACwAFQBOAGEAdAB1AHIAZQAgADIAMAAwADIAIABTAG8AYwBoAGEALgBwAGQAZgAPABoADABNAGEAYwBpAG4AdABvAHMAaAAgAEgARAASAElVc2Vycy9kZW5uaXNldmFuZ2VsaXN0YS9Eb2N1bWVudHMvUGFwZXJzLzIwMDIvU29jaGEvTmF0dXJlIDIwMDIgU29jaGEucGRmAAATAAEvAAAVAAIAGP//AACABdIcHR4fWCRjbGFzc2VzWiRjbGFzc25hbWWjHyAhXU5TTXV0YWJsZURhdGFWTlNEYXRhWE5TT2JqZWN0XxA3Li4vLi4vRG9jdW1lbnRzL1BhcGVycy8yMDAyL1NvY2hhL05hdHVyZSAyMDAyIFNvY2hhLnBkZtIcHSQloiUhXE5TRGljdGlvbmFyeRIAAYagXxAPTlNLZXllZEFyY2hpdmVyAAgAEQAWAB8AKAAyADUAOgA8AEUASwBSAF0AZQBsAG8AcQBzAHYAeAB6AHwAhgCTAJgAoAJ+AoAChQKOApkCnQKrArICuwL1AvoC/QMKAw8AAAAAAAACAQAAAAAAAAAoAAAAAAAAAAAAAAAAAAADIQ==},
	Bdsk-Url-1 = {http://www.google.com/search?client=safari&rls=en-us&q=Gliding+flight+in+the+paradise+tree+snake&ie=UTF-8&oe=UTF-8}}

@article{Thomas:1997,
	Author = {Thomas, A. L. R.},
	Date-Added = {2010-06-10 14:24:52 -0700},
	Date-Modified = {2010-06-10 14:24:52 -0700},
	Journal = {Bioscience},
	Pages = {215-225},
	Title = {On the tails of birds},
	Volume = {47},
	Year = {1997},
	Bdsk-File-1 = {YnBsaXN0MDDUAQIDBAUIJidUJHRvcFgkb2JqZWN0c1gkdmVyc2lvblkkYXJjaGl2ZXLRBgdUcm9vdIABqAkKFRYXGyIjVSRudWxs0wsMDQ4RFFpOUy5vYmplY3RzV05TLmtleXNWJGNsYXNzog8QgASABqISE4ACgAOAB1lhbGlhc0RhdGFccmVsYXRpdmVQYXRo0hgNGRpXTlMuZGF0YU8RAfAAAAAAAfAAAgAADE1hY2ludG9zaCBIRAAAAAAAAAAAAAAAAAAAAMNhm/VIKwAAEn7pUhpCaW9TY2llbmNlIDE5OTcgVGhvbWFzLnBkZgAAAAAAAAAAAAAAAAAAAAAAAAAAAAAAAAAAAAAAAAAAAAAAAAASfulTx+DJuwAAAAAAAAAAAAIABQAACSAAAAAAAAAAAAAAAAAAAAAGVGhvbWFzABAACAAAw2IMdQAAABEACAAAx+EsKwAAAAEAGBJ+6VIADAV3AAwDTgAL39oAC9+FAAB5awACAFxNYWNpbnRvc2ggSEQ6VXNlcnM6ZGVubmlzZXZhbmdlbGlzdGE6RG9jdW1lbnRzOlBhcGVyczoxOTk3OlRob21hczpCaW9TY2llbmNlIDE5OTcgVGhvbWFzLnBkZgAOADYAGgBCAGkAbwBTAGMAaQBlAG4AYwBlACAAMQA5ADkANwAgAFQAaABvAG0AYQBzAC4AcABkAGYADwAaAAwATQBhAGMAaQBuAHQAbwBzAGgAIABIAEQAEgBPVXNlcnMvZGVubmlzZXZhbmdlbGlzdGEvRG9jdW1lbnRzL1BhcGVycy8xOTk3L1Rob21hcy9CaW9TY2llbmNlIDE5OTcgVGhvbWFzLnBkZgAAEwABLwAAFQACABj//wAAgAXSHB0eH1gkY2xhc3Nlc1okY2xhc3NuYW1lox8gIV1OU011dGFibGVEYXRhVk5TRGF0YVhOU09iamVjdF8QPS4uLy4uL0RvY3VtZW50cy9QYXBlcnMvMTk5Ny9UaG9tYXMvQmlvU2NpZW5jZSAxOTk3IFRob21hcy5wZGbSHB0kJaIlIVxOU0RpY3Rpb25hcnkSAAGGoF8QD05TS2V5ZWRBcmNoaXZlcgAIABEAFgAfACgAMgA1ADoAPABFAEsAUgBdAGUAbABvAHEAcwB2AHgAegB8AIYAkwCYAKAClAKWApsCpAKvArMCwQLIAtEDEQMWAxkDJgMrAAAAAAAAAgEAAAAAAAAAKAAAAAAAAAAAAAAAAAAAAz0=},
	Bdsk-Url-1 = {http://www.google.com/search?client=safari&rls=en-us&q=On+the+tails+of+birds&ie=UTF-8&oe=UTF-8}}

@article{Thomas:1993,
	Author = {ALR Thomas},
	Date-Added = {2010-06-10 14:24:52 -0700},
	Date-Modified = {2010-06-10 14:24:52 -0700},
	Journal = {Phil. Trans. R. Soc. Lond. B},
	Local-Url = {file://localhost/Users/dennisevangelista/Documents/Papers/1993/Thomas/Phil.%20Trans.%20R.%20Soc.%20Lond.%20B%201993%20Thomas.pdf},
	Number = {1294},
	Pages = {361--380},
	Pmid = {2022981543276628741related:Bcss0v4SExwJ},
	Rating = {0},
	Title = {On the Aerodynamics of Birds' Tails},
	Uri = {papers://7745578F-AF22-43C6-9381-71DCABA46510/Paper/p4476},
	Volume = {340},
	Year = {1993},
	Bdsk-File-1 = {YnBsaXN0MDDUAQIDBAUIJidUJHRvcFgkb2JqZWN0c1gkdmVyc2lvblkkYXJjaGl2ZXLRBgdUcm9vdIABqAkKFRYXGyIjVSRudWxs0wsMDQ4RFFpOUy5vYmplY3RzV05TLmtleXNWJGNsYXNzog8QgASABqISE4ACgAOAB1lhbGlhc0RhdGFccmVsYXRpdmVQYXRo0hgNGRpXTlMuZGF0YU8RAiwAAAAAAiwAAgAADE1hY2ludG9zaCBIRAAAAAAAAAAAAAAAAAAAAMNhm/VIKwAAA1epyB9QaGlsLiBUcmFucy4gUi4gU29jIzM0QTRGQjEucGRmAAAAAAAAAAAAAAAAAAAAAAAAAAAAAAAAAAAAAAAAAAADSk+xxGXJgAAAAAAAAAAAAAIABQAACSAAAAAAAAAAAAAAAAAAAAAGVGhvbWFzABAACAAAw2IMdQAAABEACAAAxGYr8AAAAAEAGANXqcgADAUfAAwDTgAL39oAC9+FAAB5awACAGFNYWNpbnRvc2ggSEQ6VXNlcnM6ZGVubmlzZXZhbmdlbGlzdGE6RG9jdW1lbnRzOlBhcGVyczoxOTkzOlRob21hczpQaGlsLiBUcmFucy4gUi4gU29jIzM0QTRGQjEucGRmAAAOAFoALABQAGgAaQBsAC4AIABUAHIAYQBuAHMALgAgAFIALgAgAFMAbwBjAC4AIABMAG8AbgBkAC4AIABCACAAMQA5ADkAMwAgAFQAaABvAG0AYQBzAC4AcABkAGYADwAaAAwATQBhAGMAaQBuAHQAbwBzAGgAIABIAEQAEgBhVXNlcnMvZGVubmlzZXZhbmdlbGlzdGEvRG9jdW1lbnRzL1BhcGVycy8xOTkzL1Rob21hcy9QaGlsLiBUcmFucy4gUi4gU29jLiBMb25kLiBCIDE5OTMgVGhvbWFzLnBkZgAAEwABLwAAFQACABj//wAAgAXSHB0eH1gkY2xhc3Nlc1okY2xhc3NuYW1lox8gIV1OU011dGFibGVEYXRhVk5TRGF0YVhOU09iamVjdF8QTy4uLy4uL0RvY3VtZW50cy9QYXBlcnMvMTk5My9UaG9tYXMvUGhpbC4gVHJhbnMuIFIuIFNvYy4gTG9uZC4gQiAxOTkzIFRob21hcy5wZGbSHB0kJaIlIVxOU0RpY3Rpb25hcnkSAAGGoF8QD05TS2V5ZWRBcmNoaXZlcgAIABEAFgAfACgAMgA1ADoAPABFAEsAUgBdAGUAbABvAHEAcwB2AHgAegB8AIYAkwCYAKAC0ALSAtcC4ALrAu8C/QMEAw0DXwNkA2cDdAN5AAAAAAAAAgEAAAAAAAAAKAAAAAAAAAAAAAAAAAAAA4s=}}

@book{Willis:2009,
	Address = {Hoboken, NJ},
	Author = {Willis, Kimberly and Ludlow, Rob},
	Date-Added = {2010-06-10 14:24:52 -0700},
	Date-Modified = {2010-06-10 14:24:52 -0700},
	Publisher = {Wiley Publishing Inc.},
	Title = {Raising Chickens for Dummies},
	Year = {2009}}

@phdthesis{Wischusen:1990,
	Author = {Wischusen, E. W.},
	Date-Added = {2010-06-10 14:24:52 -0700},
	Date-Modified = {2010-06-10 14:24:52 -0700},
	School = {Cornell University},
	Title = {Foraging ecology and natural history of the {P}hilippine Flying Lemur (\emph{{C}ynocephalus volans})},
	Year = {1990}}

@article{Wischusen:1989,
	Author = {Wischusen, E. W. and Richmond, M. E.},
	Date-Added = {2010-06-10 14:24:52 -0700},
	Date-Modified = {2010-06-10 14:24:52 -0700},
	Journal = {Malayan Nature Journal},
	Pages = {100-105},
	Title = {Techniques for capturing and marking {P}hilippine flying lemurs (\emph{{C}ynocephalus volans})},
	Volume = {43},
	Year = {1989}}

@article{Xing:2003,
	Author = {Xing, Xu and Zhonghe, Zhou and Xiaolin, Wang and Xuewen, Kuang and Fucheng, Zhang and Xiangke, Du},
	Date-Added = {2010-06-10 14:24:52 -0700},
	Date-Modified = {2010-06-10 14:24:52 -0700},
	Journal = {Nature},
	Local-Url = {file://localhost/Users/dennisevangelista/Documents/Papers/2003/Xu/Nature%202003%20Xu.pdf},
	Month = {Jan},
	Pages = {335},
	Rating = {5},
	Title = {Four-winged dinosaurs from {C}hina},
	Uri = {papers://7745578F-AF22-43C6-9381-71DCABA46510/Paper/p1939},
	Volume = {421},
	Year = {2003},
	Bdsk-File-1 = {YnBsaXN0MDDUAQIDBAUIJidUJHRvcFgkb2JqZWN0c1gkdmVyc2lvblkkYXJjaGl2ZXLRBgdUcm9vdIABqAkKFRYXGyIjVSRudWxs0wsMDQ4RFFpOUy5vYmplY3RzV05TLmtleXNWJGNsYXNzog8QgASABqISE4ACgAOAB1lhbGlhc0RhdGFccmVsYXRpdmVQYXRo0hgNGRpXTlMuZGF0YU8RAcQAAAAAAcQAAgAADE1hY2ludG9zaCBIRAAAAAAAAAAAAAAAAAAAAMNhm/VIKwAAEoMk+BJOYXR1cmUgMjAwMyBYdS5wZGYAAAAAAAAAAAAAAAAAAAAAAAAAAAAAAAAAAAAAAAAAAAAAAAAAAAAAAAAAAAAADAk+wxAqFgAAAAAAAAAAAAIABQAACSAAAAAAAAAAAAAAAAAAAAACWHUAEAAIAADDYgx1AAAAEQAIAADDEIyGAAAAAQAYEoMk+AAMCF0ADANOAAvf2gAL34UAAHlrAAIAUE1hY2ludG9zaCBIRDpVc2VyczpkZW5uaXNldmFuZ2VsaXN0YTpEb2N1bWVudHM6UGFwZXJzOjIwMDM6WHU6TmF0dXJlIDIwMDMgWHUucGRmAA4AJgASAE4AYQB0AHUAcgBlACAAMgAwADAAMwAgAFgAdQAuAHAAZABmAA8AGgAMAE0AYQBjAGkAbgB0AG8AcwBoACAASABEABIAQ1VzZXJzL2Rlbm5pc2V2YW5nZWxpc3RhL0RvY3VtZW50cy9QYXBlcnMvMjAwMy9YdS9OYXR1cmUgMjAwMyBYdS5wZGYAABMAAS8AABUAAgAY//8AAIAF0hwdHh9YJGNsYXNzZXNaJGNsYXNzbmFtZaMfICFdTlNNdXRhYmxlRGF0YVZOU0RhdGFYTlNPYmplY3RfEDEuLi8uLi9Eb2N1bWVudHMvUGFwZXJzLzIwMDMvWHUvTmF0dXJlIDIwMDMgWHUucGRm0hwdJCWiJSFcTlNEaWN0aW9uYXJ5EgABhqBfEA9OU0tleWVkQXJjaGl2ZXIACAARABYAHwAoADIANQA6ADwARQBLAFIAXQBlAGwAbwBxAHMAdgB4AHoAfACGAJMAmACgAmgCagJvAngCgwKHApUCnAKlAtkC3gLhAu4C8wAAAAAAAAIBAAAAAAAAACgAAAAAAAAAAAAAAAAAAAMF}}

@article{Yanoviak:2005,
	Author = {Stephen P Yanoviak and Robert A Dudley and M Kaspari},
	Date-Added = {2010-06-10 14:24:52 -0700},
	Date-Modified = {2010-06-10 14:24:52 -0700},
	Doi = {10.1038/nature03268},
	Journal = {Nature},
	Local-Url = {file://localhost/Users/dennisevangelista/Documents/Papers/2005/Yanoviak/Nature%202005%20Yanoviak.pdf},
	Month = {Feb},
	Number = {7026},
	Pages = {621--624},
	Rating = {0},
	Title = {Directed aerial descent in canopy ants},
	Uri = {papers://7745578F-AF22-43C6-9381-71DCABA46510/Paper/p3181},
	Volume = {433},
	Year = {2005},
	Bdsk-File-1 = {YnBsaXN0MDDUAQIDBAUIJidUJHRvcFgkb2JqZWN0c1gkdmVyc2lvblkkYXJjaGl2ZXLRBgdUcm9vdIABqAkKFRYXGyIjVSRudWxs0wsMDQ4RFFpOUy5vYmplY3RzV05TLmtleXNWJGNsYXNzog8QgASABqISE4ACgAOAB1lhbGlhc0RhdGFccmVsYXRpdmVQYXRo0hgNGRpXTlMuZGF0YU8RAe4AAAAAAe4AAgAADE1hY2ludG9zaCBIRAAAAAAAAAAAAAAAAAAAAMNhm/VIKwAAAzk3KxhOYXR1cmUgMjAwNSBZYW5vdmlhay5wZGYAAAAAAAAAAAAAAAAAAAAAAAAAAAAAAAAAAAAAAAAAAAAAAAAAAAADOTbKxCYrtQAAAAAAAAAAAAIABQAACSAAAAAAAAAAAAAAAAAAAAAIWWFub3ZpYWsAEAAIAADDYgx1AAAAEQAIAADEJo4lAAAAAQAYAzk3KwAMCngADANOAAvf2gAL34UAAHlrAAIAXE1hY2ludG9zaCBIRDpVc2VyczpkZW5uaXNldmFuZ2VsaXN0YTpEb2N1bWVudHM6UGFwZXJzOjIwMDU6WWFub3ZpYWs6TmF0dXJlIDIwMDUgWWFub3ZpYWsucGRmAA4AMgAYAE4AYQB0AHUAcgBlACAAMgAwADAANQAgAFkAYQBuAG8AdgBpAGEAawAuAHAAZABmAA8AGgAMAE0AYQBjAGkAbgB0AG8AcwBoACAASABEABIAT1VzZXJzL2Rlbm5pc2V2YW5nZWxpc3RhL0RvY3VtZW50cy9QYXBlcnMvMjAwNS9ZYW5vdmlhay9OYXR1cmUgMjAwNSBZYW5vdmlhay5wZGYAABMAAS8AABUAAgAY//8AAIAF0hwdHh9YJGNsYXNzZXNaJGNsYXNzbmFtZaMfICFdTlNNdXRhYmxlRGF0YVZOU0RhdGFYTlNPYmplY3RfED0uLi8uLi9Eb2N1bWVudHMvUGFwZXJzLzIwMDUvWWFub3ZpYWsvTmF0dXJlIDIwMDUgWWFub3ZpYWsucGRm0hwdJCWiJSFcTlNEaWN0aW9uYXJ5EgABhqBfEA9OU0tleWVkQXJjaGl2ZXIACAARABYAHwAoADIANQA6ADwARQBLAFIAXQBlAGwAbwBxAHMAdgB4AHoAfACGAJMAmACgApIClAKZAqICrQKxAr8CxgLPAw8DFAMXAyQDKQAAAAAAAAIBAAAAAAAAACgAAAAAAAAAAAAAAAAAAAM7},
	Bdsk-Url-1 = {http://dx.doi.org/10.1038/nature03268}}

@article{Yanoviak:2008,
	Author = {Stephen P Yanoviak and Michael Kaspari and Robert A Dudley},
	Date-Added = {2010-06-10 14:24:52 -0700},
	Date-Modified = {2010-06-10 14:24:52 -0700},
	Journal = {Submitted to Science Brevia},
	Local-Url = {file://localhost/Users/dennisevangelista/Documents/Papers/2008/Yanoviak/Submitted%20to%20Science%20Brevia%202008%20Yanoviak-1.pdf},
	Month = {Oct},
	Pages = {1},
	Rating = {5},
	Title = {Gliding bristletails and the origins of insect flight (figures)},
	Uri = {papers://7745578F-AF22-43C6-9381-71DCABA46510/Paper/p4980},
	Year = {2008},
	Bdsk-File-1 = {YnBsaXN0MDDUAQIDBAUIJidUJHRvcFgkb2JqZWN0c1gkdmVyc2lvblkkYXJjaGl2ZXLRBgdUcm9vdIABqAkKFRYXGyIjVSRudWxs0wsMDQ4RFFpOUy5vYmplY3RzV05TLmtleXNWJGNsYXNzog8QgASABqISE4ACgAOAB1lhbGlhc0RhdGFccmVsYXRpdmVQYXRo0hgNGRpXTlMuZGF0YU8RAjoAAAAAAjoAAgAADE1hY2ludG9zaCBIRAAAAAAAAAAAAAAAAAAAAMNhm/VIKwAAA8G8OB9TdWJtaXR0ZWQgdG8gU2NpZW5jIzNDMUJCMjkucGRmAAAAAAAAAAAAAAAAAAAAAAAAAAAAAAAAAAAAAAAAAAADwbspxROZGAAAAAAAAAAAAAIABQAACSAAAAAAAAAAAAAAAAAAAAAIWWFub3ZpYWsAEAAIAADDYgx1AAAAEQAIAADFE/uIAAAAAQAYA8G8OAC81iYADANOAAvf2gAL34UAAHlrAAIAY01hY2ludG9zaCBIRDpVc2VyczpkZW5uaXNldmFuZ2VsaXN0YTpEb2N1bWVudHM6UGFwZXJzOjIwMDg6WWFub3ZpYWs6U3VibWl0dGVkIHRvIFNjaWVuYyMzQzFCQjI5LnBkZgAADgBgAC8AUwB1AGIAbQBpAHQAdABlAGQAIAB0AG8AIABTAGMAaQBlAG4AYwBlACAAQgByAGUAdgBpAGEAIAAyADAAMAA4ACAAWQBhAG4AbwB2AGkAYQBrAC0AMQAuAHAAZABmAA8AGgAMAE0AYQBjAGkAbgB0AG8AcwBoACAASABEABIAZlVzZXJzL2Rlbm5pc2V2YW5nZWxpc3RhL0RvY3VtZW50cy9QYXBlcnMvMjAwOC9ZYW5vdmlhay9TdWJtaXR0ZWQgdG8gU2NpZW5jZSBCcmV2aWEgMjAwOCBZYW5vdmlhay0xLnBkZgATAAEvAAAVAAIAGP//AACABdIcHR4fWCRjbGFzc2VzWiRjbGFzc25hbWWjHyAhXU5TTXV0YWJsZURhdGFWTlNEYXRhWE5TT2JqZWN0XxBULi4vLi4vRG9jdW1lbnRzL1BhcGVycy8yMDA4L1lhbm92aWFrL1N1Ym1pdHRlZCB0byBTY2llbmNlIEJyZXZpYSAyMDA4IFlhbm92aWFrLTEucGRm0hwdJCWiJSFcTlNEaWN0aW9uYXJ5EgABhqBfEA9OU0tleWVkQXJjaGl2ZXIACAARABYAHwAoADIANQA6ADwARQBLAFIAXQBlAGwAbwBxAHMAdgB4AHoAfACGAJMAmACgAt4C4ALlAu4C+QL9AwsDEgMbA3IDdwN6A4cDjAAAAAAAAAIBAAAAAAAAACgAAAAAAAAAAAAAAAAAAAOe}}

@comment{BibDesk Static Groups{
<?xml version="1.0" encoding="UTF-8"?>
<!DOCTYPE plist PUBLIC "-//Apple//DTD PLIST 1.0//EN" "http://www.apple.com/DTDs/PropertyList-1.0.dtd">
<plist version="1.0">
<array>
	<dict>
		<key>group name</key>
		<string>AUP references</string>
		<key>keys</key>
		<string>Thomas:1997,Otoole:2003,Altshuler:2002,McGuire:2001,Chai:1998,Thomas:1993,Emerson:1990,Holderread:2001,Socha:2002,Evans:1992,Daley:2007,Bundle:2003,Evans:1994,Xing:2003,Yanoviak:2008,Dial:2008,Heinrichs:2009,McGuire:1998,Lippincott:1920,Chai:1999,Essner:2002,Wischusen:1989,Hedrick:2007,McCay:2001,Yanoviak:2005,Willis:2009,Dial:2003,Jusufi:2008,Wischusen:1990</string>
	</dict>
</array>
</plist>
}}
